
@online{aroraBestDataAnalytics2020,
  title = {Best {{Data Analytics Certifications}} for 2020},
  author = {Arora, Simran Kaur},
  date = {2020-06-15},
  url = {https://hackr.io/blog/best-data-analytics-certification},
  urldate = {2020-12-17},
  abstract = {There is an overabundance of best data analytics certification programs offered on both online and offline modes. In this write-up, we would be solely focusing on the top-rated online certifications.},
  file = {/home/jhuang/Zotero/storage/HYL8BF46/best-data-analytics-certification.html},
  langid = {english},
  organization = {{Hackr.io}}
}

@online{foggSoftwareTestingFintech2020,
  title = {Software {{Testing}} and {{Fintech}}},
  author = {Fogg, Erik},
  date = {2020-12-09T19:22:13+00:00},
  url = {https://itchronicles.com/fintech/software-testing-and-fintech/},
  urldate = {2020-12-17},
  abstract = {Fintech requires that software be developed to rigorous standards to ensure the safety of the users and the reputation of the developer},
  file = {/home/jhuang/Zotero/storage/JHVAJPHK/software-testing-and-fintech.html},
  langid = {american},
  organization = {{ITChronicles}}
}

@online{governmentofcanadaDatabaseAnalystCanada2020,
  title = {Database {{Analyst}} in {{Canada}}},
  author = {{Government of Canada}},
  date = {2020-12-11},
  url = {https://www.jobbank.gc.ca/marketreport/requirements/17873/ca},
  urldate = {2020-12-17},
  file = {/home/jhuang/Zotero/storage/28AZBHRL/ca.html}
}

@online{jobheroDatabaseAnalystJob2020,
  title = {Database {{Analyst Job Description}}},
  author = {{JobHero}},
  date = {2020},
  url = {https://www.jobhero.com/job-description/examples/data-systems-administration/database-analyst},
  urldate = {2020-12-17},
  abstract = {Detailed examples of skills required for a database analyst job description are available on JobHero. Find out more about what you need for the job!},
  file = {/home/jhuang/Zotero/storage/4G7AC2TR/database-analyst.html},
  langid = {american},
  organization = {{JobHero}}
}

@article{lamportTimeClocksOrdering2016,
  title = {Time, {{Clocks}} and the {{Ordering}} of {{Events}} in a {{Distributed System}}},
  author = {Lamport, Leslie},
  date = {2016-12-19},
  journaltitle = {Communications of the ACM 21, 7 (July 1978), 558-565. Reprinted in several collections, including Distributed Computing: Concepts and Implementations, McEntire et al., ed. IEEE Press, 1984.},
  url = {https://www.microsoft.com/en-us/research/publication/time-clocks-ordering-events-distributed-system/},
  urldate = {2020-12-15},
  abstract = {Jim Gray once told me that he had heard two different opinions of this paper: that it’s trivial and that it’s brilliant. I can’t argue with the former, and I am disinclined to argue with the latter. The origin of this paper was the note The Maintenance of Duplicate Databases by Paul Johnson and Bob […]},
  file = {/home/jhuang/Zotero/storage/FB8FTAR9/Lamport - 2016 - Time, Clocks and the Ordering of Events in a Distr.pdf;/home/jhuang/Zotero/storage/3WNEZHQ9/time-clocks-ordering-events-distributed-system.html},
  langid = {american}
}

@article{lamportTuringLectureComputer2015,
  title = {Turing Lecture: {{The}} Computer Science of Concurrency: The Early Years},
  shorttitle = {Turing Lecture: {{The}} Computer Science of Concurrency: The Early Years},
  author = {Lamport, Leslie},
  date = {2015-05-21},
  journaltitle = {Commun. ACM},
  volume = {58},
  pages = {71--76},
  issn = {0001-0782},
  doi = {10.1145/2771951},
  url = {https://doi.org/10.1145/2771951},
  urldate = {2020-12-17},
  abstract = {Leslie Lamport is the recipient of the 2013 ACM A.M. Turing Award.},
  file = {/home/jhuang/Zotero/storage/4SYJC6LK/lamport2015.pdf},
  number = {6}
}

@online{segalBecomingFinancialAnalyst2020,
  title = {Becoming a {{Financial Analyst}}},
  author = {Segal, Troy},
  date = {2020-06-24},
  url = {https://www.investopedia.com/articles/financialcareers/06/financialanalyst.asp},
  urldate = {2020-12-17},
  abstract = {Understand the types of career paths you can take as a financial analyst and learn the education and skills you need to launch a career in this field.},
  file = {/home/jhuang/Zotero/storage/YYSHLG9Q/financialanalyst.html},
  langid = {english},
  organization = {{Investopedia}}
}


